<?xml version="1.0" encoding="UTF-8"?><collection xmlns="http://www.loc.gov/MARC21/slim"><record><leader>00386nam--2200133-i-4500</leader><controlfield tag="001">000029744</controlfield><controlfield tag="002">20161230</controlfield><controlfield tag="005">20161230201037</controlfield><controlfield tag="008">060222s1000------------r-----000-0-eng-d</controlfield><datafield ind1=" " ind2=" " tag="080"><subfield code="a">537/538(024:62)=3</subfield></datafield><datafield ind1=" " ind2=" " tag="100"><subfield code="a">Kupfmuller, K</subfield></datafield><datafield ind1=" " ind2=" " tag="245"><subfield code="a">Einfuhrung in der theoretische elektrotechnik dritte...auflage.mit 378 textabbild</subfield></datafield><datafield ind1=" " ind2=" " tag="260"><subfield code="a">Berlin, Springer-verlag, 1941. Vi+357p</subfield></datafield><datafield ind1=" " ind2=" " tag="852"><subfield code="a">476</subfield></datafield></record></collection>